<?xml version="1.0" encoding="UTF-8"?><collection xmlns="http://www.loc.gov/MARC21/slim"><record><leader>00368nam--2200133-i-4500</leader><controlfield tag="001">000039839</controlfield><controlfield tag="002">20161230</controlfield><controlfield tag="005">20161230201042</controlfield><controlfield tag="008">060222s1000------------r-----000-0-eng-d</controlfield><datafield ind1=" " ind2=" " tag="080"><subfield code="a">532.517.4:535.338.334:621.375.826</subfield></datafield><datafield ind1=" " ind2=" " tag="100"><subfield code="a">Rudd,M.J. And Watrasiewicz,B.M</subfield></datafield><datafield ind1=" " ind2=" " tag="245"><subfield code="a">Laser doppler measurements</subfield></datafield><datafield ind1=" " ind2=" " tag="260"><subfield code="a">London, Butterworths, 1976. Viii + 160 P</subfield></datafield><datafield ind1=" " ind2=" " tag="852"><subfield code="a">45486</subfield></datafield></record></collection>